@ARTICLE{Lomb1976,
   author = {{Lomb}, N.~R.},
    title = "{Least-squares frequency analysis of unequally spaced data}",
  journal = {\apss},
 keywords = {Astronomy, Data Reduction, Least Squares Method, Background Noise, Power Spectra, Sine Waves, Spectrum Analysis, Statistical Analysis, Variable Stars},
     year = 1976,
    month = feb,
   volume = 39,
    pages = {447-462},
      doi = {10.1007/BF00648343},
   adsurl = {http://adsabs.harvard.edu/abs/1976Ap%26SS..39..447L},
  adsnote = {Provided by the SAO/NASA Astrophysics Data System}
}

@ARTICLE{Scargle1982,
   author = {{Scargle}, J.~D.},
    title = "{Studies in astronomical time series analysis. II - Statistical aspects of spectral analysis of unevenly spaced data}",
  journal = {\apj},
 keywords = {Astronomy, Signal Detection, Spectrum Analysis, Statistical Distributions, Time Series Analysis, Fourier Transformation, Frequency Response, Power Spectra, Signal To Noise Ratios},
     year = 1982,
    month = dec,
   volume = 263,
    pages = {835-853},
      doi = {10.1086/160554},
   adsurl = {http://adsabs.harvard.edu/abs/1982ApJ...263..835S},
  adsnote = {Provided by the SAO/NASA Astrophysics Data System}
}

@INPROCEEDINGS{Ridgway2012,
   author = {{Ridgway}, S.~T. and {Chandrasekharan}, S. and {Cook}, K.~H. and
	{Jones}, R.~L. and {Krughoff}, K.~S. and {Petry}, C. and {Ivezi{\'c}}, {\v Z}.
	},
    title = "{Measuring the effectiveness of simulated LSST observing programs}",
booktitle = {Observatory Operations: Strategies, Processes, and Systems IV},
     year = 2012,
   series = {\procspie},
   volume = 8448,
    month = sep,
      eid = {844810},
    pages = {844810},
      doi = {10.1117/12.926306},
   adsurl = {http://adsabs.harvard.edu/abs/2012SPIE.8448E..10R},
  adsnote = {Provided by the SAO/NASA Astrophysics Data System}
}

@ARTICLE{Ivezic2008,
   author = {{Ivezic}, Z. and {Tyson}, J.~A. and {Abel}, B. and {Acosta}, E. and
	{Allsman}, R. and {AlSayyad}, Y. and {Anderson}, S.~F. and {Andrew}, J. and
	{Angel}, R. and {Angeli}, G. and {Ansari}, R. and {Antilogus}, P. and
	{Arndt}, K.~T. and {Astier}, P. and {Aubourg}, E. and {Axelrod}, T. and
	{Bard}, D.~J. and {Barr}, J.~D. and {Barrau}, A. and {Bartlett}, J.~G. and
	{Bauman}, B.~J. and {Beaumont}, S. and {Becker}, A.~C. and {Becla}, J. and
	{Beldica}, C. and {Bellavia}, S. and {Blanc}, G. and {Blandford}, R.~D. and
	{Bloom}, J.~S. and {Bogart}, J. and {Borne}, K. and {Bosch}, J.~F. and
	{Boutigny}, D. and {Brandt}, W.~N. and {Brown}, M.~E. and {Bullock}, J.~S. and
	{Burchat}, P. and {Burke}, D.~L. and {Cagnoli}, G. and {Calabrese}, D. and
	{Chandrasekharan}, S. and {Chesley}, S. and {Cheu}, E.~C. and
	{Chiang}, J. and {Claver}, C.~F. and {Connolly}, A.~J. and {Cook}, K.~H. and
	{Cooray}, A. and {Covey}, K.~R. and {Cribbs}, C. and {Cui}, W. and
	{Cutri}, R. and {Daubard}, G. and {Daues}, G. and {Delgado}, F. and
	{Digel}, S. and {Doherty}, P. and {Dubois}, R. and {Dubois-Felsmann}, G.~P. and
	{Durech}, J. and {Eracleous}, M. and {Ferguson}, H. and {Frank}, J. and
	{Freemon}, M. and {Gangler}, E. and {Gawiser}, E. and {Geary}, J.~C. and
	{Gee}, P. and {Geha}, M. and {Gibson}, R.~R. and {Gilmore}, D.~K. and
	{Glanzman}, T. and {Goodenow}, I. and {Gressler}, W.~J. and
	{Gris}, P. and {Guyonnet}, A. and {Hascall}, P.~A. and {Haupt}, J. and
	{Hernandez}, F. and {Hogan}, C. and {Huang}, D. and {Huffer}, M.~E. and
	{Innes}, W.~R. and {Jacoby}, S.~H. and {Jain}, B. and {Jee}, J. and
	{Jernigan}, J.~G. and {Jevremovic}, D. and {Johns}, K. and {Jones}, R.~L. and
	{Juramy-Gilles}, C. and {Juric}, M. and {Kahn}, S.~M. and {Kalirai}, J.~S. and
	{Kallivayalil}, N. and {Kalmbach}, B. and {Kantor}, J.~P. and
	{Kasliwal}, M.~M. and {Kessler}, R. and {Kirkby}, D. and {Knox}, L. and
	{Kotov}, I. and {Krabbendam}, V.~L. and {Krughoff}, S. and {Kubanek}, P. and
	{Kuczewski}, J. and {Kulkarni}, S. and {Lambert}, R. and {Le Guillou}, L. and
	{Levine}, D. and {Liang}, M. and {Lim}, K. and {Lintott}, C. and
	{Lupton}, R.~H. and {Mahabal}, A. and {Marshall}, P. and {Marshall}, S. and
	{May}, M. and {McKercher}, R. and {Migliore}, M. and {Miller}, M. and
	{Mills}, D.~J. and {Monet}, D.~G. and {Moniez}, M. and {Neill}, D.~R. and
	{Nief}, J. and {Nomerotski}, A. and {Nordby}, M. and {O'Connor}, P. and
	{Oliver}, J. and {Olivier}, S.~S. and {Olsen}, K. and {Ortiz}, S. and
	{Owen}, R.~E. and {Pain}, R. and {Peterson}, J.~R. and {Petry}, C.~E. and
	{Pierfederici}, F. and {Pietrowicz}, S. and {Pike}, R. and {Pinto}, P.~A. and
	{Plante}, R. and {Plate}, S. and {Price}, P.~A. and {Prouza}, M. and
	{Radeka}, V. and {Rajagopal}, J. and {Rasmussen}, A. and {Regnault}, N. and
	{Ridgway}, S.~T. and {Ritz}, S. and {Rosing}, W. and {Roucelle}, C. and
	{Rumore}, M.~R. and {Russo}, S. and {Saha}, A. and {Sassolas}, B. and
	{Schalk}, T.~L. and {Schindler}, R.~H. and {Schneider}, D.~P. and
	{Schumacher}, G. and {Sebag}, J. and {Sembroski}, G.~H. and
	{Seppala}, L.~G. and {Shipsey}, I. and {Silvestri}, N. and {Smith}, J.~A. and
	{Smith}, R.~C. and {Strauss}, M.~A. and {Stubbs}, C.~W. and
	{Sweeney}, D. and {Szalay}, A. and {Takacs}, P. and {Thaler}, J.~J. and
	{Van Berg}, R. and {Vanden Berk}, D. and {Vetter}, K. and {Virieux}, F. and
	{Xin}, B. and {Walkowicz}, L. and {Walter}, C.~W. and {Wang}, D.~L. and
	{Warner}, M. and {Willman}, B. and {Wittman}, D. and {Wolff}, S.~C. and
	{Wood-Vasey}, W.~M. and {Yoachim}, P. and {Zhan}, H. and {for the LSST Collaboration}
	},
    title = "{LSST: from Science Drivers to Reference Design and Anticipated Data Products}",
  journal = {ArXiv e-prints},
archivePrefix = "arXiv",
   eprint = {0805.2366},
 keywords = {Astrophysics},
     year = 2008,
    month = may,
   adsurl = {http://adsabs.harvard.edu/abs/2008arXiv0805.2366I},
  adsnote = {Provided by the SAO/NASA Astrophysics Data System}
}

@ARTICLE{Girardi2012,
   author = {{Girardi}, L. and {Barbieri}, M. and {Groenewegen}, M.~A.~T. and
	{Marigo}, P. and {Bressan}, A. and {Rocha-Pinto}, H.~J. and
	{Santiago}, B.~X. and {Camargo}, J.~I.~B. and {da Costa}, L.~N.
	},
    title = "{TRILEGAL, a TRIdimensional modeL of thE GALaxy: Status and Future}",
  journal = {Astrophysics and Space Science Proceedings},
 keywords = {Physics},
     year = 2012,
   volume = 26,
    pages = {165},
      doi = {10.1007/978-3-642-18418-5_17},
   adsurl = {http://adsabs.harvard.edu/abs/2012ASSP...26..165G},
  adsnote = {Provided by the SAO/NASA Astrophysics Data System}
}

@ARTICLE{Jacklin2015,
   author = {{Jacklin}, S. and {Lund}, M.~B. and {Pepper}, J. and {Stassun}, K.~G.
	},
    title = "{Transiting Planets with LSST. II. Period Detection of Planets Orbiting 1 M$_{âŠ™}$ Hosts}",
  journal = {\aj},
archivePrefix = "arXiv",
   eprint = {1503.00059},
 primaryClass = "astro-ph.EP",
 keywords = {planets and satellites: detection, planets and satellites: general, surveys},
     year = 2015,
    month = jul,
   volume = 150,
      eid = {34},
    pages = {34},
      doi = {10.1088/0004-6256/150/1/34},
   adsurl = {http://adsabs.harvard.edu/abs/2015AJ....150...34J},
  adsnote = {Provided by the SAO/NASA Astrophysics Data System}
}

@ARTICLE{Kroupa2001,
   author = {{Kroupa}, P.},
    title = "{On the variation of the initial mass function}",
  journal = {\mnras},
   eprint = {astro-ph/0009005},
 keywords = {BINARIES: GENERAL, STARS: FORMATION, STARS: KINEMATICS, STARS: LUMINOSITY FUNCTION, MASS FUNCTION, GLOBULAR CLUSTERS: GENERAL, OPEN CLUSTERS AND ASSOCIATIONS: GENERAL},
     year = 2001,
    month = apr,
   volume = 322,
    pages = {231-246},
      doi = {10.1046/j.1365-8711.2001.04022.x},
   adsurl = {http://adsabs.harvard.edu/abs/2001MNRAS.322..231K},
  adsnote = {Provided by the SAO/NASA Astrophysics Data System}
}

@ARTICLE{Kharchenko2013,
   author = {{Kharchenko}, N.~V. and {Piskunov}, A.~E. and {Roeser}, S. and
	{Schilbach}, E. and {Scholz}, R.-D.},
    title = "{VizieR Online Data Catalog: Milky Way global survey of star clusters. II. (Kharchenko+, 2013)}",
  journal = {VizieR Online Data Catalog},
 keywords = {Clusters: open, Radial velocities, Proper motions, Milky Way},
     year = 2013,
    month = nov,
   volume = 355,
   adsurl = {http://adsabs.harvard.edu/abs/2013yCat..35580053K},
  adsnote = {Provided by the SAO/NASA Astrophysics Data System}
}
